<record><leader>00000cas a2200000 a 4500</leader><controlfield tag="001">30955464</controlfield><controlfield tag="008">940816c19949999scuwr ne      0   a0eng c</controlfield><datafield ind1=" " ind2=" " tag="010"><subfield code="a">  2012271277</subfield></datafield><datafield ind1=" " ind2=" " tag="040"><subfield code="a">SGR</subfield><subfield code="b">eng</subfield><subfield code="c">SGR</subfield><subfield code="d">OCLCQ</subfield><subfield code="d">SUC</subfield><subfield code="d">OCLCF</subfield></datafield><datafield ind1=" " ind2=" " tag="037"><subfield code="b">44 Pine Knoll Dr., Suite 2E, Greenville, SC, 29609</subfield></datafield><datafield ind1=" " ind2=" " tag="042"><subfield code="a">pcc</subfield></datafield><datafield ind1=" " ind2=" " tag="043"><subfield code="a">n-us-sc</subfield></datafield><datafield ind1="0" ind2=" " tag="092"><subfield code="a">071.5727</subfield><subfield code="2">20</subfield></datafield><datafield ind1="0" ind2="4" tag="245"><subfield code="a">The times examiner.</subfield></datafield><datafield ind1=" " ind2=" " tag="260"><subfield code="a">Greenville, S.C. :</subfield><subfield code="b">Bobby M. Dill</subfield></datafield><datafield ind1=" " ind2=" " tag="300"><subfield code="a">v. :</subfield><subfield code="b">ill. ;</subfield><subfield code="c">58 cm.</subfield></datafield><datafield ind1=" " ind2=" " tag="310"><subfield code="a">Weekly</subfield></datafield><datafield ind1="1" ind2=" " tag="362"><subfield code="a">Began with v. 1, no. 1 (May 11, 1994).</subfield></datafield><datafield ind1=" " ind2=" " tag="500"><subfield code="a">"Published weekly on Wednesday."</subfield></datafield><datafield ind1=" " ind2=" " tag="588"><subfield code="a">Description based on: Vol. 1, no. 11 (July 20, 1994).</subfield></datafield><datafield ind1=" " ind2="0" tag="651"><subfield code="a">Greenville (S.C.)</subfield><subfield code="v">Newspapers.</subfield></datafield><datafield ind1=" " ind2="0" tag="651"><subfield code="a">Greenville County (S.C.)</subfield><subfield code="v">Newspapers.</subfield></datafield><datafield ind1=" " ind2="7" tag="655"><subfield code="a">Newspapers.</subfield><subfield code="2">fast</subfield><subfield code="0">(OCoLC)fst01423814</subfield></datafield><datafield ind1=" " ind2="7" tag="651"><subfield code="a">South Carolina</subfield><subfield code="z">Greenville.</subfield><subfield code="2">fast</subfield><subfield code="0">(OCoLC)fst01203010</subfield></datafield><datafield ind1=" " ind2="7" tag="651"><subfield code="a">South Carolina</subfield><subfield code="z">Greenville County.</subfield><subfield code="2">fast</subfield><subfield code="0">(OCoLC)fst01209838</subfield></datafield><datafield ind1=" " ind2=" " tag="752"><subfield code="a">United States</subfield><subfield code="b">South Carolina</subfield><subfield code="c">Greenville</subfield><subfield code="d">Greenville.</subfield></datafield></record>